%% This BibTeX bibliography file was created using BibDesk.
%% http://bibdesk.sourceforge.net/


%% Created for Luca Lo Iacono at 2016-03-05 16:45:04 +0100 


%% Saved with string encoding Unicode (UTF-8) 

@article{Spazi_specchiati,
    Title = {Grieves, M.W. Product lifecycle management: The new paradigm for enterprises. Int. J. Prod. Dev. 2005, 2, 71–84.},
    Url = {https://www.inderscienceonline.com/doi/abs/10.1504/IJPD.2005.006669},
}

@article{Mondi_specchiati,
    Title = {Gelernter, D. Mirror Worlds: Or: The Day Software Puts the Universe in a Shoebox. How it Will Happen and What it Will Mean; Oxford University Press: Oxford, UK, 1993. },
    Url = {https://books.google.it/books?hl=en&lr=&id=jh2U379fq18C&oi=fnd&pg=PR7&ots=kWLPfOpb3d&sig=dzOexqZULcEN1tE3eTLhg2KwKfc&redir_esc=y#v=onepage&q&f=false},

}

@article{Origin_DT,
    Title = {Grieves, M. Origins of the Digital Twin Concept},
    Url = {  https://www.researchgate.net/publication/307509727_Origins_of_the_Digital_Twin_Concept/}
    }

@article{PLM,
    Title = {Främling K, J. Holmström, Timo Ala-Risku, M. Kärkkäinen. Product agents for handling information about physical objects. Published 2017.},
    Url = {https://www.semanticscholar.org/paper/Product-agents-for-handling-information-about-Fr%C3%A4mling-Holmstr%C3%B6m/53964777c832b035ce3518ef88dc2b4f3ae5ef1f}
}

@article{Apollo,
    Title = {Rosen, R.; Von Wichert, G.; Lo, G.; Bettenhausen, K.D. About the importance of autonomy and digital twins for the future of manufacturing},
    Url = {https://www.sciencedirect.com/science/article/pii/S2405896315003808?via%3Dihub}
}

@article{Air_force,
    Title = {Tuegel, E.J.; Ingraffea, A.R.; Eason, T.G.; Spottswood, S.M. Reengineering aircraft structural life prediction using a digital twin},
    Url = {https://www.hindawi.com/journals/ijae/2011/154798/}
}

@article{Gockel,
    Title = {Gockel, B.T.; Tudor, A.H.; Brandyberry, M.D.; Penmetsa, R.C.; Tuegel, E.J. Challenges with Structural Life Forecasting Using Realistic Mission Profiles. In Proceedings of the 53rd AIAA/ASME/ASCE/AHS/ASC Structures, Structural Dynamics and Materials Conference, Honolulu, HI, USA, 23–26 July 2012; p. 1813},
    Url = {https://arc.aiaa.org/doi/abs/10.2514/6.2012-1813}
}

@article{NASA,
    Title = {Glaessgen, E.; Stargel, D. The digital twin paradigm for future NASA and US Air Force vehicles. In Proceedings of the 53rd AIAA/ASME/ASCE/AHS/ASC Structures, Structural Dynamics and Materials Conference, Honolulu, HI, USA, 23–26 July 2012; p. 1818.},
    Url = {https://arc.aiaa.org/doi/abs/10.2514/6.2012-1818s}
}

@article{Culla,
    Title = {LaGrange, E. Developing a Digital Twin: The Roadmap for Oil and Gas Optimization. In Proceedings of the SPE Offshore Europe Conference and Exhibition, Aberdeen, UK, 3–6 September 2019.},
    Url = {https://onepetro.org/SPEOE/proceedings-abstract/19OE/1-19OE/D011S003R001/218956}
}

@article{Testing_prototipo,
    Title = {Tao, F.; Cheng, J.; Qi, Q.; Zhang, M.; Zhang, H.; Sui, F. Digital twin-driven product design, manufacturing and service with big data. Int. J. Adv. Manuf. Technol. 2018, 94, 3563–3576.},
    Url = {https://link.springer.com/article/10.1007/s00170-017-0233-1}
}

@article{Economico,
    Title = {Grieves, M.; Vickers, J. Digital twin: Mitigating unpredictable, undesirable emergent behavior in complex systems. In Transdisciplinary Perspectives on Complex Systems; Springer: Cham Switzerland, 2017; pp. 85–113},
    Url = {https://link.springer.com/chapter/10.1007/978-3-319-38756-7_4}}

@article{Fedelta,
    Title = {Rosen, R.; Von Wichert, G.; Lo, G.; Bettenhausen, K.D. About the importance of autonomy and digital twins for the future of manufacturing. IFAC-PapersOnLine 2015, 48, 567–572.},
    Url = {https://www.sciencedirect.com/science/article/pii/S2405896315003808}}

@article{Evolutivo,
    Title = {Barricelli, B.R.; Casiraghi, E.; Fogli, D. A Survey on Digital Twin: Definitions, Characteristics, Applications, and Design Implications. IEEE Access 2019, 7, 167653–167671.},
    Url = {https://ieeexplore.ieee.org/abstract/document/8901113}}

@article{Identificabile,
    Title = {Tao, F.; Qi, Q.; Wang, L.; Nee, A. Digital twins and cyber–physical systems toward smart manufacturing and industry 4.0: Correlation and comparison. Engineering 2019, 5, 653–661. },
    Url = {https://www.sciencedirect.com/science/article/pii/S209580991830612X}}

@article{Gerarchico,
    Title = {Hollkamp, J.J. Modeling vibratory damage with reduced-order models and the generalized finite element method. J. Sound Vib. 2014, 333, 6637–6650.},
    Url = {https://www.sciencedirect.com/science/article/abs/pii/S0022460X14006208}}

@article{Categoria,
    Title = {Siemens company},
    Url = {https://www.plm.automation.siemens.com/global/en/our-story/glossary/digital-twin/24465}}

@article{DT_tipi,
    Title = {Exosite. The 3 Types of Digital Twin Maturity Models. 2017.},
    Url = {https://blog.exosite.com/3-digital-twin-maturity-models}}

@article{Sofisticazione,
    Title = {Madni, A.M.; Madni, C.C.; Lucero, S.D. Leveraging digital twin technology in model-based systems engineering.},
    Url = {https://www.mdpi.com/2079-8954/7/1/7}}

@article{Thread,
    Title = {Margaria, T., Schieweck, A. (2019). The Digital Thread. In: Ahrendt, W., Tapia Tarifa, S. (eds) Integrated Formal Methods. IFM 2019. Lecture Notes in Computer Science(), vol 11918. Springer},
    Url = {https://doi.org/10.1007/978-3-030-34968-4_1}}

@article{Shadow,
    Title = {Bauernhansl, T., Hartleif, S., & Felix, T. (2017). The Digital Shadow of production – A concept for the effective and efficient information supply in dynamic industrial environments. Procedia CIRP, 72, 69-74.},
    Url = {https://www.sciencedirect.com/science/article/pii/S2212827118303470}
}

@article{Trends_DT,
    Title = {Google trends},
    Url = {https://trends.google.com/trends/explore?date=all&q=/g/11b90fjhmq},
}

@article{Campi_DT,
    Title = {Kritzinger, W.; Karner, M.; Traar, G.; Henjes, J.; Sihn, W. Digital Twin in manufacturing: A categorical literature review and classification. IFAC-PapersOnLine 2018, 51, 1016–1022},
    Url = {https://www.sciencedirect.com/science/article/pii/S2405896318316021}
}

@article{General_DT,
    Title = {Singh, M., Fuenmayor, E., Hinchy, E. P., Qiao, Y., Murray, N., & Devine, D. (2021). Digital Twin},
    Url = {https://www.mdpi.com/2571-5577/4/2/36#B3-asi-04-00036}}

@article{Market_DT,
    Title = {Fortune Business Insights},
    Url = {https://www.fortunebusinessinsights.com/digital-twin-market-106246}}

@article{Covid_DT,
    Title = {Erol, T.; Mendi, A.F.; Doğan, D. Digital Transformation Revolution with Digital Twin Technology. In Proceedings of the 2020 4th International Symposium on Multidisciplinary Studies and Innovative Technologies (ISMSIT), Istanbul, Turkey, 22–24 October 2020; pp. 1–7.},
    Url = {https://ieeexplore.ieee.org/abstract/document/9254288}}

@article{Origin_concept_DT,
    Title = {Grieves, M. Origins of the Digital Twin Concept. 2016},
    Url = {https://www.researchgate.net/publication/307509727_Origins_of_the_Digital_Twin_Concept}}

@article{PLM_DT,
    Title = {Grieves, M. Back to the future: Product lifecycle management and the virtualization of product information. In Product Realization; Springer: Boston, MA, USA, 2009.},
    Url = {https://link.springer.com/chapter/10.1007/978-0-387-09482-3_3}
}

@article{NASA2,
    doi = {10.1088/1742-6596/1939/1/012068},
    URL = {https://dx.doi.org/10.1088/1742-6596/1939/1/012068},
    year = {2021},
    month = {may},
    publisher = {IOP Publishing},
    volume = {1939},
    number = {1},
    pages = {012068},
    author = {WU Wen-hao and Chen Guo-bing and Yang Zi-chun},
    Title = {The Application and challenge of Digital Twin technology in Ship equipment},
}

@article{Airframe_DT,
    Url = {https://arc.aiaa.org/doi/abs/10.2514/6.2012-1812},
    Title = {Tuegel, E. The airframe digital twin: Some challenges to realization. In Proceedings of the 53rd AIAA/ASME/ASCE/AHS/ASC Structures, Structural Dynamics and Materials Conference 20th AIAA/ASME/AHS Adaptive Structures Conference 14th AIAA, Honolulu, HI, USA, 23–26 July 2012; p. 1812}
}

@article{Def_DT,
    Title = {Majumdar, P.K.; FaisalHaider, M.; Reifsnider, K. Multi-physics response of structural composites and framework for modeling using material geometry. In Proceedings of the 54th AIAA/ASME/ASCE/AHS/ASC Structures, Structural Dynamics, and Materials Conference, Boston, MA, USA, 8–11 April 2013; p. 1577.},
    Url = {https://arc.aiaa.org/doi/abs/10.2514/6.2013-1577}
}

@article{Def2_DT,
    Title = {Lee, J.; Lapira, E.; Bagheri, B.; Kao, H.-A. Recent advances and trends in predictive manufacturing systems in big data environment. Manuf. Lett. 2013, 1, 38–41.},
    Url = {https://www.sciencedirect.com/science/article/abs/pii/S2213846313000114}
}

@article{Complex_Aerostructures,
    Title = {Bielefeldt, B.; Hochhalter, J.; Hartl, D. Computationally efficient analysis of SMA sensory particles embedded in complex aerostructures using a substructure approach. In Proceedings of the ASME 2015 Conference on Smart Materials, Adaptive Structures and Intelligent Systems, Colorado Springs, CO, USA, 21–23 September 2015.},
    Url = {https://asmedigitalcollection.asme.org/SMASIS/proceedings-abstract/SMASIS2015/284225}
}

@article{DTH_DT,
    Title = {Leiva, C. Demystifying the digital thread and digital twin concepts. Ind. Week. August 2016, 1, 2016.},
    Url = {https://info.ibaset.com/hubfs/Demystifying_the_Digital_Thread_and_Digital_Twin.pdf}
}


@article{Controparte1,
    Title = {Negri, E.; Fumagalli, L.; Macchi, M. A review of the roles of digital twin in cps-based production systems. Procedia Manuf. 2017, 11, 939–948.},
    Url = {https://www.sciencedirect.com/science/article/pii/S2351978917304067}
}


@article{Controparte2,
    Title = {Ríos, J.; Hernández, J.C.; Oliva, M.; Mas, F. Product Avatar as Digital Counterpart of a Physical Individual Product: Literature Review and Implications in an Aircraft. In Proceedings of the ISPE CE, Delft, The Netherlands, 20–23 July 2015; pp. 657–666.},
    Url = {https://ebooks.iospress.nl/doi/10.3233/978-1-61499-544-9-657}
}


@article{IBM_DT,
    Title = {Wired Brand Lab; Digital Twin: Bridging the Physical-Digital Divide. 2017},
    Url = {https://www.ibm.com/blogs/internet-of-things/iot-digital-twin-enablers/}
}

@article{Clone_DT,
    Title = {Banerjee, A.; Dalal, R.; Mittal, S.; Joshi, K.P. Generating digital twin models using knowledge graphs for industrial production lines. UMBC Inf. Syst. Dep. 2017.},
    Url = {https://mdsoar.org/handle/11603/11592}
}
@article{Rappresentazione1,
    Title = {Schluse, M.; Rossmann, J. From simulation to experimentable digital twins: Simulation-based development and operation of complex technical systems. In Proceedings of the 2016 IEEE International Symposium on Systems Engineering (ISSE), Edinburgh, UK, 3–5 October 2016; pp. 1–6.},
    Url = {https://ieeexplore.ieee.org/abstract/document/7753162}
}
@article{Rappresentazione2,
    Title = {Schroeder, G. N., Steinmetz, C., Pereira, C. E., & Espindola, D. B. (2015). Digital Twin Data Modeling with AutomationML and a Communication Methodology for Data Exchange. IFAC-PapersOnLine, 49(30), 12-17.}.,
    Url = {https://www.sciencedirect.com/science/article/pii/S2405896316325538}
}

@article{Rappresentazione3,
    Title = {Rauch, L.; Pietrzyk, M. Digital twins as a modern approach to design of industrial processes. J. Mach. Eng. 2019, 19.},
    Url = {https://yadda.icm.edu.pl/baztech/element/bwmeta1.element.baztech-2b409eff-f81d-4a91-8614-1a93363b3497}
}
@article{Alberi_DT,
    Title = {El Saddik, A. Digital twins: The convergence of multimedia technologies. IEEE Multimed. 2018, 25, 87–92.},
    Url = {https://ieeexplore.ieee.org/abstract/document/8424832}
}
@article{Culla2,
    Title = {Kraft, E.M. The air force digital thread/digital twin-life cycle integration and use of computational and experimental knowledge. In Proceedings of the 54th AIAA Aerospace Sciences Meeting, San Diego, CA, USA, 4–8 January 2016; p. 0897.},
    Url = {https://arc.aiaa.org/doi/abs/10.2514/6.2016-0897}
}
@article{Riutilizzo,
    Title = {Application of Digital Twin in Industrial Manufacturing.},
    Url = {https://www.futurebridge.com/industry/perspectives-mobility/application-of-digital-twin-in-industrial-manufacturing/}
}

@article{Researchgate,
    Title = {Researchgate website},
    Url = {https://www.researchgate.net/figure/Number-of-Digital-Twin-related-publications-by-year-from-2011-to-2020-on-Scopus-and_fig3_351827732}
}
@article{Gartner2017,
    Title = {Gartner Identifies the Top 10 Strategic Technology Trends for 2017.},
    Url = {https://www.gartner.com/en/newsroom/press-releases/2016-10-18-gartner-identifies-the-top-10-strategic-technology-trends-for-2017}
}
@article{Gartner2018,
    Title = {Gartner Identifies the Top 10 Strategic Technology Trends for 2018.},
    Url = {https://www.gartner.com/en/newsroom/press-releases/2017-10-04-gartner-identifies-the-top-10-strategic-technology-trends-for-2018}
}
@article{Gartner2019,
    Title = {Gartner Identifies the Top 10 Strategic Technology Trends for 2019.},
    Url = {https://www.gartner.com/en/newsroom/press-releases/2018-10-15-gartner-identifies-the-top-10-strategic-technology-trends-for-2019}
}
@article{Martin,
    Title = {Qi, Q.; Tao, F.; Zuo, Y.; Zhao, D. Digital twin service towards smart manufacturing. Procedia Cirp. 2018, 72, 237–242.},
    Url = {https://www.sciencedirect.com/science/article/pii/S2212827118302580}
}
@article{Forbes,
    Title = {Marr, B. These 25 Technology Trends Will Define the Next Decade.},
    Url = {https://www.forbes.com/sites/bernardmarr/2020/04/20/these-25-technology-trends-will-define-the-next-decade/#3153a5329e3b}
}

@article{Testing,
    Title = {Qi, Q.; Tao, F. Digital twin and big data towards smart manufacturing and industry 4.0:360 degree comparison. IEEE Access 2018, 6, 3585–3593.},
    Url = {https://ieeexplore.ieee.org/abstract/document/8258937}
}
@article{Covid_DT,
    Title = {Shen, W.; Yang, C.; Gao, L. Address business crisis caused by COVID-19 with collaborative intelligent manufacturing technologies. IET Collab. Intell. Manuf. 2020, 2, 96–99.},
    Url = {https://ietresearch.onlinelibrary.wiley.com/doi/full/10.1049/iet-cim.2020.0041}
}
@article{Gartner_covid,
    Title = {Gartner Survey Reveals 47\% of Organizations Will Increase Investments in IoT Despite the Impact of COVID-19},
    Url = {https://www.gartner.com/en/newsroom/press-releases/2020-10-29-gartner-survey-reveals-47-percent-of-organizations-will-increase-investments-in-iot-despite-the-impact-of-covid-19-}
}
@article{Formazione,
    Title = {Kaarlela, T.; Pieskä, S.; Pitkäaho, T. Digital Twin and Virtual Reality for Safety Training. In Proceedings of the 2020 11th IEEE International Conference on Cognitive Infocommunications (CogInfoCom), Mariehamn, Finland, 23–25 September 2020; pp. 115–120.},
    Url = {https://ieeexplore.ieee.org/abstract/document/9237812}
}
@article{Mining,
    Title = {Miskinis, C. How are Mining Will be Improved Using Digital Twin Simulations. 2018.},
    Url = {https://www.challenge.org/insights/digital-twin-in-mining/}
}
@article{Thread2,
    Title = {Engineering Design with Digital Thread | AIAA Journal. AIAA Journal. Published 2018.},
    Url = {https://arc.aiaa.org/doi/abs/10.2514/1.J057255}
}
@article{Thread3,
    Title = {Pang, T. Y., Pelaez Restrepo, J. D., Cheng, C., Yasin, A., Lim, H., & Miletic, M. (2020). Developing a Digital Twin and Digital Thread Framework for an ‘Industry 4.0’ Shipyard. Applied Sciences, 11(3), 1097.},
    Url = {https://doi.org/10.3390/app11031097}
}
@article{Thread4,
    Title = {Bone, M., Blackburn, M., Kruse, B., Dzielski, J., Hagedorn, T., & Grosse, I. (2018). Toward an Interoperability and Integration Framework to Enable Digital Thread. Systems, 6(4), 46.},
    Url = {https://doi.org/10.3390/systems6040046}
}
@article{Thread5,
    Title = {Feldhausen, T., Saleeby, K., & Kurfess, T. (2021). Spinning the digital thread with hybrid manufacturing. Manufacturing Letters, 29, 15-18.},
    Url = {https://doi.org/10.1016/j.mfglet.2021.05.003}
}
@article{Shadow_economy,
    Title = {Remeikiene R, Ligita Gaspareniene, Schneider F. THE DEFINITION OF DIGITAL SHADOW ECONOMY. Technological and Economic Development of Economy. 2017;24(2):696-717.},
    Url = {https://doi.org/10.3846/20294913.2016.1266530}
}
@article{Shadow2,
    Title = {Riesener, M., Schuh, G., Dölle, C., & Tönnes, C. (2018). The Digital Shadow as Enabler for Data Analytics in Product Life Cycle Management. Procedia CIRP, 80, 729-734.},
    Url = {https://doi.org/10.1016/j.procir.2019.01.083}
}
@article{Sell_data,
    Title = {Leveraging Crowdsensed Data Streams to Discover and Sell Knowledge: A Secure and Efficient Realization.},
    Url = {https://ieeexplore.ieee.org/abstract/document/8416327}
}
@article{Sell_data2,
    Author = {Yang, Kai Hao},
    Title = {Selling Consumer Data for Profit: Optimal Market-Segmentation Design and Its Consequences},
    Journal = {American Economic Review},
    Volume = {112},
    Number = {4},
    Year = {2022},
    Month = {April},
    Pages = {1364-93},
    DOI = {10.1257/aer.20210616},
    URL = {https://www.aeaweb.org/articles?id=10.1257/aer.20210616}
}
@article{Law_Data,
    Title = {The big health data sale
    By Philip Hunter Container: EMBO Reports Publisher: Nature Portfolio},
    Url = {https://www.embopress.org/doi/full/10.15252/embr.201642917}
}

@article{Semantic_web,
    Title = {Cooper E, Lindley S, Wadler P, Yallop J. Links: Web Programming Without Tiers.‌},
    Url = {https://doi.org/10.1007/978-3-540-74792-5_12}
}
@article{Core_web,
    Title = {Core Web Programming. Google Books.},
    Url = {https://books.google.it/books?hl=en&lr=&id=q45_UDI77PoC&oi=fnd&pg=PR1&dq=web+programming&ots=RWHQnXfz_5&sig=RQ9WcBsO5cjS6TXSx5O3xl0E2kc&redir_esc=y#v=onepage&q=web%20programming&f=false}
}
@article{ALL_WEB,
    Title = {Learning PHP, MySQL & JavaScript. Google Books.},
    Url = {https://books.google.it/books?hl=en&lr=&id=uHqrBQAAQBAJ&oi=fnd&pg=PP1&dq=web+programming+css&ots=yYYM_sO2q9&sig=GSpQFJqbphwZimnZBVP-BLgj9EU&redir_esc=y#v=onepage&q=web%20programming%20css&f=false}
}
@article{Javascript,
    Title = {Guha A, Claudiu Saftoiu, Shriram Krishnamurthi. The Essence of JavaScript. Springer eBooks.},
    Url = {https://doi.org/10.1007/978-3-642-14107-2_7}
}
@article{Leaflet,
    Title = {Leaflet. Leaflet — an open-source JavaScript library for interactive maps.},
    Url = {https://leafletjs.com/}
}
@article{GeoJSON,
    Title = {GeoJSON. Geojson.org. Published 2015. },
    Url = {https://geojson.org/}
}
@article{GPX,
    Title = {gpx.studio. Gpx.studio.‌},
    Url = {https://gpx.studio/}
}
@article{KML,
    Title = {KML Tutorial. Google for Developers.},
    Url = {https://developers.google.com/kml/documentation/kml_tut}
}
@article{NPM,
    Title = {NPM, node package manager},
    Url = {https://www.npmjs.com/}
}
@article{Nodejs,
    Title = {Node.js framework},
    Url = {https://nodejs.org/en}
}
@article{PHP,
    Title = {PHP and MySQL Web Development. Google Books.‌},
    Url = {https://books.google.it/books?hl=en&lr=&id=G4dTRyvpfhoC&oi=fnd&pg=PA1&dq=php&ots=THMfoFafmf&sig=4DvWQTOkZmzlc0CoPztndlEv-2g&redir_esc=y#v=onepage&q=php&f=false}
}
@article{API,
    Title = {How to design a good API and why it matters | Companion to the 21st ACM SIGPLAN symposium on Object-oriented programming systems, languages, and applications. ACM  Conferences.},
    Url = {https://dl.acm.org/doi/abs/10.1145/1176617.1176622}
}
@article{Sql_Injection,
    Title = {Halfond W, Viegas J, Orso A. A Classification of SQL Injection Attacks and Countermeasures.},
    Url = {https://www.cc.gatech.edu/fac/Alex.Orso/papers/halfond.viegas.orso.ISSSE06.pdf}
}
@article{XSS,
    Title = {Gupta S, Gupta BB. Cross-Site Scripting (XSS) attacks and defense mechanisms: classification and state-of-the-art. International Journal of Systems Assurance Engineering and Management.‌},
    Url = {https://doi.org/10.1007/s13198-015-0376-0}
}
@article{Sql_Injection2,
    Title = {Lwin Khin Shar, Beng H. Defeating SQL Injection. IEEE Computer. 2013;46(3):69-77.},
    Url = {https://doi.org/10.1109/mc.2012.283}
}
@article{API_WEB,
    Title = {Sohan SM, Anslow C, Maurer F. A Case Study of Web API Evolution.‌},
    Url = {https://doi.org/10.1109/services.2015.43}
}
@article{API_library,
    Title = {Qiu, D., Li, B., & Leung, H. (2016). Understanding the API usage in Java. Information and Software Technology, 73, 81-100.},
    Url = {https://doi.org/10.1016/j.infsof.2016.01.011}
}
@article{API_SO,
    Title = {Optimal allocation of on-chip memory for multiple-API operating systems | ACM SIGARCH Computer Architecture News. ACM SIGARCH Computer Architecture News.},
    Url = {https://dl.acm.org/doi/abs/10.1145/192007.192070}
}
@article{REST,
    Title = {REST API Design Rulebook. Google Books. Published 2023.‌},
    Url = {https://books.google.it/books?hl=en&lr=&id=eABpzyTcJNIC&oi=fnd&pg=PR3&dq=rest+api&ots=vAXy26ggOF&sig=j4VqoVurHgXHvB-0jOi6lO9jQzw&redir_esc=y#v=onepage&q=rest%20api&f=false}
}
@article{REST2,
    Title = {Zhou W, Li L, Luo M, Chou W. REST API Design Patterns for SDN Northbound API.},
    Url = {https://doi.org/10.1109/waina.2014.153}
}
@article{API_usage,
    Title = {Buse, Weimer. Synthesizing API usage examples.},
    Url = {https://doi.org/10.1109/icse.2012.6227140}
}
@article{JSON_XML,
    Title = {Nurseitov N, Paulson M, Reynolds R, Izurieta C. Comparison of JSON and XML Data Interchange Formats: A Case Study.‌},
    Url = {https://citeseerx.ist.psu.edu/document?repid=rep1&type=pdf&doi=84321e662b24363e032d680901627aa1bfd6088f}
}
@article{JSON,
    Title = {JSON | Proceedings of the 36th ACM SIGMOD-SIGACT-SIGAI Symposium on Principles of Database Systems. ACM Conferences.},
    Url = {https://dl.acm.org/doi/abs/10.1145/3034786.3056120}
}
@article{XML,
    Title = {Nils Agne Nordbotten. XML and Web Services Security Standards. IEEE Communications Surveys and Tutorials. 2009;11(3):4-21.‌},
    Url = {https://doi.org/10.1109/surv.2009.090302}
}
@article{XLST,
    Title = {XSLT. Google Books. Published 2023. },
    Url = {https://books.google.it/books?hl=en&lr=&id=VZaiiPkH94sC&oi=fnd&pg=PR7&dq=xslt&ots=04PlxjIH-A&sig=C7I8cK_Jgigqqt9rl8eoEqsOUiA&redir_esc=y#v=onepage&q=xslt&f=false}
}
@article{XPATH,
    Title = {Clark J, Com> S, Derose. Rendered from XML to PDF by XEP -Www.RenderX.com XSL to PDF and XSL to Postscript Formatter XML Path Language (XPath).; 1999.},
    Url = {https://www.renderx.com/~renderx/portal/Tests/xmlspec/xpath.pdf}
}
@article{Normalizzazione,
    Title = {Data Normalization, Denormalization. Melissa Hollingsworth.},
    Url = {http://www.cems.uwe.ac.uk/~p-chatterjee/resources/pdf/NormalizationDenormalizationWhitePaper.pdf}
}
@article{XAMPP,
    Title = {Dvorski D. Installing, Configuring, and Developing with Xampp.; 2007.‌},
    Url = {http://dalibor.dvorski.net/downloads/docs/installingconfiguringdevelopingwithxampp.pdf}
}
@article{APACHE,
    Title = {Apache Guide. Google Books},
    Url = {https://books.google.it/books?hl=en&lr=&id=1z6QfgsnpKsC&oi=fnd&pg=PT5&dq=apache&ots=4xSosAei-4&sig=YONj4pngsPoqQU9OGB59YfbaMAw&redir_esc=y#v=onepage&q=apache&f=false}
}
@article{GIT,
    Title = {Version Control with Git. Google Books‌.},
    Url = {https://books.google.it/books?hl=en&lr=&id=aM7-Oxo3qdQC&oi=fnd&pg=PR3&dq=git&ots=3aCfLJTlof&sig=HP_Ac1hFjOcr6LZKircbYRGppeo&redir_esc=y#v=onepage&q=git&f=false}
}
@article{GIT2,
    Title = {Diomidis Spinellis. Git. IEEE Software. 2012;29(3):100-101.},
    Url = {https://doi.org/10.1109/ms.2012.61}
}
@article{Haversine,
    Title = {Wikipedia Contributors. Haversine formula. Wikipedia. Published July 31, 2023.},
    Url = {https://en.wikipedia.org/wiki/Haversine_formula#:~:text=The%20haversine%20formula%20determines%20the,and%20angles%20of%20spherical%20triangles}
}

@article{Turismo,
    Title = {Stankov U, Gretzel U. Tourism 4.0 technologies and tourist experiences: a human-centered design perspective. Information Technology & Tourism.},
    Url = {https://doi.org/10.1007/s40558-020-00186-y}
}
‌
‌
‌